<record xmlns="http://www.loc.gov/MARC21/slim" xmlns:xsi="http://www.w3.org/2001/XMLSchema-instance" xsi:schemaLocation="http://www.loc.gov/MARC21/slim http://www.loc.gov/standards/marcxml/schema/MARC21slim.xsd"><leader>02158nam a2200385   4500</leader><controlfield tag="001">001700640</controlfield><controlfield tag="003">NNU</controlfield><controlfield tag="006">m        d        </controlfield><controlfield tag="007">cr cn |||m|||a</controlfield><controlfield tag="008">150223s1931    ua      o     000 0bara d</controlfield><datafield ind1=" " ind2=" " tag="040"><subfield code="a">NNU</subfield><subfield code="b">eng</subfield><subfield code="c">NNU</subfield></datafield><datafield ind1=" " ind2=" " tag="043"><subfield code="a">a-su---</subfield></datafield><datafield ind1=" " ind2=" " tag="066"><subfield code="c">(3</subfield></datafield><datafield ind1=" " ind2=" " tag="090"><subfield code="a">BP135.A2</subfield><subfield code="b">.A3</subfield></datafield><datafield ind1="1" ind2=" " tag="100"><subfield code="6">880-01</subfield><subfield code="a">Ibn Taym&#299;yah, &#699;Abd al-Sal&#257;m ibn &#699;Abd All&#257;h,</subfield><subfield code="d">1193 or 4-1254 or 5</subfield></datafield><datafield ind1="1" ind2="3" tag="245"><subfield code="6">880-02</subfield><subfield code="a">al-Muntaq&#225; min akhb&#257;r al-Mu&#7779;&#7789;af&#225;</subfield><subfield code="h">[electronic resource] /</subfield><subfield code="c">li-Majd al-D&#299;n Ab&#299; al-Barak&#257;t &#699;Abd al-Sal&#257;m ibn Taym&#299;yah al-&#7716;arr&#257;n&#299; ; waqafa &#699;al&#225; ta&#7779;&#7717;&#299;&#7717;ihi wa-&#699;allaqa haw&#257;mishahu Mu&#7717;ammad &#7716;&#257;mid al-Fiq&#299;.</subfield></datafield><datafield ind1=" " ind2=" " tag="250"><subfield code="6">880-03</subfield><subfield code="a">al-&#7788;ab&#699;ah 1.</subfield></datafield><datafield ind1=" " ind2=" " tag="260"><subfield code="6">880-04</subfield><subfield code="a">Mi&#7779;r :</subfield><subfield code="b">al-Maktabah al-Tij&#257;r&#299;yah al-Kubr&#225;,</subfield><subfield code="c">1931</subfield></datafield><datafield ind1=" " ind2=" " tag="300"><subfield code="a">online resource (2 v.)</subfield></datafield><datafield ind1=" " ind2=" " tag="500"><subfield code="a">Part of the Arabic Collections Online (ACO) project, contributed by New York Univeristy Libraries.</subfield></datafield><datafield ind1=" " ind2=" " tag="533"><subfield code="a">Electronic reproduction.</subfield><subfield code="b">New York, N.Y. :</subfield><subfield code="c">New York University,</subfield><subfield code="d">2015.</subfield><subfield code="5">NNU</subfield></datafield><datafield ind1="0" ind2="0" tag="600"><subfield code="a">Mu&#7717;ammad,</subfield><subfield code="c">Prophet,</subfield><subfield code="d">d. 632</subfield><subfield code="v">Biography</subfield><subfield code="v">Early works to 1800.</subfield></datafield><datafield ind1=" " ind2="0" tag="650"><subfield code="a">Muslims</subfield><subfield code="z">Saudi Arabia</subfield><subfield code="z">Mecca</subfield><subfield code="v">Biography</subfield><subfield code="v">Early works to 1800.</subfield></datafield><datafield ind1="1" ind2=" " tag="700"><subfield code="6">880-05</subfield><subfield code="a">Fiq&#299;, Mu&#7717;ammad &#7716;&#257;mid</subfield></datafield><datafield ind1="2" ind2=" " tag="710"><subfield code="a">New York University.</subfield><subfield code="b">Libraries.</subfield></datafield><datafield ind1="0" ind2=" " tag="730"><subfield code="a">Arabic Collections Online.</subfield></datafield><datafield ind1="0" ind2="8" tag="776"><subfield code="i">Print version:</subfield><subfield code="a">Ibn Taym&#299;yah, &#699;Abd al-Sal&#257;m ibn &#699;Abd All&#257;h, 1193 or 4-1254 or 5 880-01</subfield><subfield code="t">al-Muntaq&#225; min akhb&#257;r al-Mu&#7779;&#7789;af&#225;</subfield><subfield code="w">(NNU)001700640</subfield></datafield><datafield ind1="4" ind2="0" tag="856"><subfield code="u">http://hdl.handle.net/2333.1/5hqbznrt</subfield></datafield><datafield ind1="1" ind2=" " tag="880"><subfield code="6">100-01/</subfield><subfield code="a">&#1575;&#1576;&#1606; &#1578;&#1610;&#1605;&#1610;&#1577;&#1548; &#1593;&#1576;&#1583;&#1575;&#1604;&#1587;&#1604;&#1575;&#1605; &#1575;&#1576;&#1606; &#1593;&#1576;&#1583;&#1575;&#1604;&#1604;&#1607;.</subfield></datafield><datafield ind1="1" ind2="2" tag="880"><subfield code="6">245-02/</subfield><subfield code="a">&#1575;&#1604;&#1605;&#1606;&#1576;&#1602;&#1609; &#1605;&#1606; &#1575;&#1582;&#1576;&#1575;&#1585; &#1575;&#1604;&#1605;&#1589;&#1591;&#1601;&#1609; /</subfield><subfield code="c">&#1604;&#1605;&#1580;&#1583;&#1575;&#1604;&#1583;&#1610;&#1606; &#1575;&#1576;&#1609; &#1575;&#1604;&#1576;&#1585;&#1603;&#1575;&#1578; &#1593;&#1576;&#1583;&#1575;&#1604;&#1587;&#1604;&#1575;&#1605; &#1576;&#1606; &#1576;&#1610;&#1605;&#1610;&#1577; &#1575;&#1604;&#1581;&#1585;&#1575;&#1606;&#1609; ; &#1608;&#1602;&#1601; &#1593;&#1604;&#1609; &#1576;&#1589;&#1581;&#1610;&#1581;&#1607; &#1608;&#1593;&#1604;&#1602; &#1582;&#1608;&#1575;&#1605;&#1588;&#1607; &#1605;&#1581;&#1605;&#1583; &#1581;&#1575;&#1605;&#1583; &#1575;&#1604;&#1601;&#1602;&#1609;.</subfield></datafield><datafield ind1=" " ind2=" " tag="880"><subfield code="6">250-03/</subfield><subfield code="a">&#1575;&#1604;&#1591;&#1576;&#1593;&#1577; &#1633;.</subfield></datafield><datafield ind1=" " ind2=" " tag="880"><subfield code="6">260-04/</subfield><subfield code="a">&#1605;&#1589;&#1585; :</subfield><subfield code="b">&#1575;&#1604;&#1605;&#1603;&#1578;&#1576;&#1577; &#1575;&#1604;&#1578;&#1580;&#1575;&#1585;&#1610;&#1577; &#1575;&#1604;&#1603;&#1576;&#1585;&#1609;&#1548;</subfield><subfield code="c">&#1633;&#1641;&#1635;&#1633;</subfield></datafield><datafield ind1="1" ind2=" " tag="880"><subfield code="6">700-05/</subfield><subfield code="a">&#1601;&#1602;&#1609;&#1548; &#1605;&#1581;&#1605;&#1583; &#1581;&#1575;&#1605;&#1583;.</subfield></datafield><datafield ind1=" " ind2=" " tag="959"><subfield code="a">NNU</subfield><subfield code="b">WEB</subfield><subfield code="c">GENI</subfield><subfield code="t">0</subfield><subfield code="m">Electronic access</subfield><subfield code="s">01</subfield></datafield><datafield ind1=" " ind2=" " tag="999"><subfield code="i">NNU_001700640</subfield><subfield code="s">nyu_aco000194:v.1</subfield><subfield code="s">nyu_aco000195:v.2</subfield></datafield></record>